@misc{yfinance,
  author = {Aroussi, Ran},
  title = {{yfinance: Yahoo! Finance market data downloader}},
  howpublished = {\url{https://pypi.org/project/yfinance/}},
  year = {2024},
  note = {(accessed 18 May 2024)}
}

@article{Smith,
  author = {Mark Smith and John Doe},
  title = {Article Title: A Good Academic Article Title},
  journal = {Research in Researching Techniques},
  year = {2001},
  volume = {3},
  number = {1},
  pages = {226--243},
  note = {\url{https://doi.org/10.5915/A.DOI.LINK}}
}

@inproceedings{Doe,
  author = {John Doe and John Smith},
  title = {Great Paper Title: You Can Tell from the Colon Use},
  booktitle = {Proceedings of the 2015 International Conference on Proceedings},
  year = {2015},
  pages = {919--927},
  note = {\url{http://dl.acm.org/citation.cfm?id=xxxxxx.xxx}},
  publisher = {Publisher Name}
}

@book{Booker,
  author = {John Booker},
  title = {Book Title},
  publisher = {City University Press},
  year = {2016}
}

@misc{WhitePaper,
  author = {Block Chain},
  title = {Whitepaper On Blockchain Idea},
  howpublished = {(accessed XX October 20XX) \url{https://realwebsite.com/realwhitepaper.pdf}},
  year = {2016}
}

@misc{note1,
  note = {Details available at \url{https://ledger.pitt.edu/ojs/index.php/ledger/about/submissions#authorGuidelines/}}
}

@misc{Nakamoto2008,
  author = {Satoshi Nakamoto},
  title = {Bitcoin: A Peer-to-Peer Electronic Cash System},
  year = {2008},
  howpublished = {(accessed XX October 20XX) \url{https://bitcoin.org/bitcoin.pdf}}
}

@misc{bitw,
  note = {\url{https://bitwiseinvestments.com/crypto-funds/bitw}}
}

@article{Sharpe1964,
  author = {William F. Sharpe},
  title = {Capital Asset Prices: A Theory of Market Equilibrium Under Conditions of Risk},
  journal = {The Journal of Finance},
  year = {1964},
  volume = {19},
  number = {3},
  pages = {425--442}
}

@misc{YahooFinanceTNX,
  author = {{Yahoo Finance}},
  title = {10-Year Treasury Yield (\%5ETNX)},
  howpublished = {\url{https://finance.yahoo.com/quote/%5ETNX/}},
  year = {2024},
  note = {(accessed 7 June 2024)}
}

@misc{cryptocompare_api,
  author = {{CryptoCompare}},
  title = {CryptoCompare API Documentation},
  howpublished = {\url{https://min-api.cryptocompare.com/}},
  note = {Accessed: [insert date accessed]}
}

@article{Hochreiter1997,
  author = {Sepp Hochreiter and Jürgen Schmidhuber},
  title = {LONG SHORT-TERM MEMORY},
  journal = {Neural Computation},
  volume = {9},
  number = {8},
  pages = {1735--1780},
  year = {1997},
  url = {https://www.bioinf.jku.at/publications/older/2604.pdf}
}

@misc{scikit-learn,
  author = {{scikit-learn developers}},
  title = {scikit-learn: Machine Learning in Python},
  howpublished = {\url{https://scikit-learn.org/}},
  year = {2024},
  note = {(accessed 7 June 2024)}
}

@misc{TensorFlowKeras,
  author = {{TensorFlow Developers}},
  title = {TensorFlow Keras Guide},
  howpublished = {\url{https://www.tensorflow.org/guide/keras}},
  year = {2024},
  note = {(accessed 9 June 2024)}
}

@misc{CNBCCryptoMarketCap,
  author = {{CNBC}},
  title = {Cryptocurrency market cap tops $2 trillion for the first time},
  howpublished = {\url{https://www.cnbc.com/2021/04/06/cryptocurrency-market-cap-tops-2-trillion-for-the-first-time.html}},
  year = {2021},
  note = {(accessed 17 June 2024)}
}

@misc{Bachelier1900,
  author = {L. Bachelier},
  title = {The Theory of Speculation},
  howpublished = {\url{https://www.investmenttheory.org/uploads/3/4/8/2/34825752/emhbachelier.pdf}},
  year = {1900},
  url = {https://www.investmenttheory.org/uploads/3/4/8/2/34825752/emhbachelier.pdf}
}

@article{Markowitz1952,
  author = {Harry Markowitz},
  title = {Portfolio Selection},
  journal = {The Journal of Finance},
  volume = {7},
  number = {1},
  year = {1952},
  pages = {77--91},
  url = {https://doi.org/10.2307/2975974},
  note = {(Accessed 18 June 2024)}
}

@article{Perold2004,
  author = {André F. Perold},
  title = {The Capital Asset Pricing Model},
  journal = {Journal of Economic Perspectives},
  volume = {18},
  number = {3},
  year = {2004},
  pages = {3--24},
  doi = {10.1257/0895330042162340}
}

@article{BlackScholes1973,
  author = {Fischer Black and Myron S. Scholes},
  title = {The Pricing of Options and Corporate Liabilities},
  journal = {Journal of Political Economy},
  volume = {81},
  number = {3},
  year = {1973},
  pages = {637--654},
  month = {May--June},
  publisher = {University of Chicago Press}
}

@article{FamaFrench1992,
  author = {Eugene F. Fama and Kenneth R. French},
  title = {The Cross-Section of Expected Stock Returns},
  journal = {The Journal of Finance},
  volume = {47},
  number = {2},
  year = {1992},
  pages = {427--465},
  month = {June},
  doi = {10.1111/j.1540-6261.1992.tb04398.x},
  url = {https://doi.org/10.1111/j.1540-6261.1992.tb04398}
}
