% LEDGER AUTHORS PLEASE NOTE
 % This bibliographic style file has been altered to allow the input of 
 % Online sources and threaded conversations by using the "misc" option.
 % bib entries should mimic the following pattern:
 %
 % (at)misc{RFB,
 % title={"On the Future of Bitcoin"},
 % author={Ford~Burley, Richard},
 % note={(/u/nobody). Comment in},
 % institution={Reddit},
 % year={2016},
 % howpublished={(accessed 21 December 2016) \url{http://www.reddit.com/permalink.html}}
 % }
 %
 % "title" is the title of the thread
 % "author" is the author of the comment - use "author={{No Author.}}" or "author={{Pseudonymous.}}" if unknown or working under a pseudonym
 % "note" should follow the pattern "(username). Comment in"
 % "institution" has been reserved in this bibliographic style file for website name
 % "howpublished" should include the date accessed and the url with a "\url" preceeding.
 %
 % Thank you for your help in keeping our editors sane.
 % Richard Ford Burley, Deputy Managing Editor, Ledger, 17 December 2016

@misc{yfinance,
  title={{yfinance: Yahoo! Finance market data downloader}},
  author={{Aroussi, Ran}},
  note={(accessed 18 May 2024)},
  howpublished={\url{https://pypi.org/project/yfinance/}},
  year={2024}
}


@article{Smith,
author={Smith, Mark and Doe, John},
title={Article Title: A Good Academic Article Title},
journal={Research in Researching Techniques},
year={2001},
volume={3},
number={1},
pages={226--243},
note={\url{https://doi.org/10.5915/A.DOI.LINK}}
}

@inproceedings{Doe,
 author = {Doe, John and Smith, John},
 title = {Great Paper Title: You Can Tell from the Colon Use},
 booktitle = {Proceedings of the 2015 International Conference on Proceedings.},
 year = {2015},
 pages = {919--927},
 numpages = {9},
 note = {\url{http://dl.acm.org/citation.cfm?id=xxxxxx.xxx}},
 publisher = {City: Publisher Name}
} 

@book{Booker,
  author = {Booker, John},
  publisher = {City: City University Press},
  title = {Book Title},
  year = {2016}
}


@misc{WhitePaper,
  title={Whitepaper On Blockchain Idea},
  author={Chain, Block},
  howpublished={(accessed XX October 20XX) \url{https://realwebsite.com/realwhitepaper.pdf}},
  pages={19},
  year={2016}
}


@Misc{note1,
 note ={Details available at \url{https://ledger.pitt.edu/ojs/index.php/ledger/about/submissions#authorGuidelines/}},
}


@Misc{Nakamoto2008,
  author = {Nakamoto, Satoshi},
  title  = {Bitcoin: A Peer-to-Peer Electronic Cash System},
  year   = {2008},
  howpublished = {(accessed XX October 20XX) \url{https://bitcoin.org/bitcoin.pdf}}
}

@misc{bitw,
    key = bitw,
    note =  {\url{https://bitwiseinvestments.com/crypto-funds/bitw}},
    
}

@article{Sharpe1964,
  author={Sharpe, William F.},
  title={Capital Asset Prices: A Theory of Market Equilibrium Under Conditions of Risk},
  journal={The Journal of Finance},
  year={1964},
  volume={19},
  number={3},
  pages={425--442}
}

@misc{YahooFinanceTNX,
  author = {{Yahoo Finance}},
  title = {10-Year Treasury Yield (\%5ETNX)},
  howpublished = {\url{https://finance.yahoo.com/quote/%5ETNX/}}},
  year = {2024},
  note = {(accessed 7 June 2024)}
}

@misc{cryptocompare_api,
  author = "{CryptoCompare}",
  title = "{CryptoCompare API Documentation}",
  howpublished = {\url{https://min-api.cryptocompare.com/}},
  note = {Accessed: [insert date accessed]}
}

@article{Hochreiter1997,
  author = {Hochreiter, Sepp and Schmidhuber, JÃ¼rgen},
  title = {LONG SHORT-TERM MEMORY},
  journal = {Neural Computation},
  volume = {9},
  number = {8},
  pages = {1735--1780},
  year = {1997},
  url = {https://www.bioinf.jku.at/publications/older/2604.pdf}
}
